
@TechReport{Hartford:CP-DIV,
  author = 		 {Jason Hartford and Greg Lewis and Kevin Leyton-Brown and Matt Taddy},
  title = 		 {Counterfactual Prediction with Deep Instrumental Variables Networks},
  institution =  {arXiv},
  year = 		 {2016},
  number = 	 {1612.09596}
}

@inproceedings{takacs2012alternating,
  title={Alternating least squares for personalized ranking},
  author={Tak{\'a}cs, G{\'a}bor and Tikk, Domonkos},
  booktitle={Proceedings of the sixth ACM conference on Recommender systems},
  pages={83--90},
  year={2012},
  organization={ACM}
}

@article{dawid2012decision,
  title={The Decision-Theoretic Approach to Causal Inference},
  author={Dawid, Philip},
  journal={Causality: Statistical perspectives and applications},
  pages={25--42},
  year={2012},
  publisher={Wiley Online Library},
  url={https://arxiv.org/pdf/1405.2292.pdf}
}

@TechReport{dimitrakakis2017:subjective-fairness,
  author={Dimitrakakis, Christos and Liu, Yang and Parkes, David and Radanovic, Goran},
  title = 		 {Bayesian Fairness},
  institution =  {arXiv},
  year = 		 {2017},
  number = 	 {1706.00119},
  url     = {https://arxiv.org/abs/1706.00119}
}

@article{lee2001relation,
  title={Relation between exposure to asbestos and smoking jointly and the risk of lung cancer},
  author={Lee, PN},
  journal={Occupational and environmental medicine},
  volume={58},
  number={3},
  pages={145--153},
  year={2001},
  publisher={BMJ Publishing Group Ltd}
}
@TechReport{kleinberg2016inherent,
  title={Inherent trade-offs in the fair determination of risk scores},
  author={Kleinberg, Jon and Mullainathan, Sendhil and Raghavan, Manish},
  number={1609.05807},
  year={2016},
  institution={arXiv},
  keyword={"fairness", "risk scores"}
}

@TechReport{kilbertus2017avoiding,
  title={Avoiding Discrimination through Causal Reasoning},
  author={Kilbertus, Niki and Rojas-Carulla, Mateo and Parascandolo, Giambattista and Hardt, Moritz and Janzing, Dominik and Sch{\"o}lkopf, Bernhard},
  institution={arXiv},
  number={1706.02744},
  year={2017}
}

@inproceedings{HardtPNS16,
  author = {Hardt, Moritz and Price, Eric and Srebro, Nati},
  booktitle = {NIPS},
  editor = {Lee, Daniel D. and Sugiyama, Masashi and von Luxburg, Ulrike and Guyon, Isabelle and Garnett, Roman},
  pages = {3315-3323},
  title = {Equality of Opportunity in Supervised Learning.},
  year = {2016},
}

@inproceedings{zafar2017fairness,
  title={Fairness beyond disparate treatment \& disparate impact: Learning classification without disparate mistreatment},
  author={Zafar, Muhammad Bilal and Valera, Isabel and Gomez Rodriguez, Manuel and Gummadi, Krishna P},
  booktitle={Proceedings of the 26th International Conference on World Wide Web},
  pages={1171--1180},
  year={2017},
  organization={International World Wide Web Conferences Steering Committee}
}

@article{CelisV17,
  author    = {L. Elisa Celis and
               Nisheeth K. Vishnoi},
  title     = {Fair Personalization},
  journal   = {CoRR},
  volume    = {abs/1707.02260},
  year      = {2017},
  url       = {http://arxiv.org/abs/1707.02260},
  timestamp = {Sat, 05 Aug 2017 14:56:00 +0200},
  biburl    = {http://dblp.uni-trier.de/rec/bib/journals/corr/CelisV17},
  bibsource = {dblp computer science bibliography, http://dblp.org}
}

@Article{mach:Auer+Cesa+Fischer:2002,
  author	= {Peter Auer and Nicol\`{o} Cesa-Bianchi and Paul Fischer},
  title		= {Finite Time Analysis of the Multiarmed Bandit Problem},
  journal	= {Machine Learning},
  year		= {2002},
  volume	= {47},
  number	= {2/3},
  pages		= {235--256}
}


@article{eckles2014thompson,
  title={Thompson sampling with the online bootstrap},
  author={Eckles, Dean and Kaptein, Maurits},
  journal={arXiv preprint arXiv:1410.4009},
  year={2014}
}
@article{thompson1933lou,
  title={{On the Likelihood that One Unknown Probability Exceeds Another in View of the Evidence of two Samples}},
  author={Thompson, W.R.},
  journal={Biometrika},
  volume={25},
  number={3-4},
  pages={285--294},
  year={1933},
  publisher={JSTOR}
}


@article{BlodgettO17,
  author    = {Su Lin Blodgett and
               Brendan O'Connor},
  title     = {Racial Disparity in Natural Language Processing: {A} Case Study of
               Social Media African-American English},
  journal   = {CoRR},
  volume    = {abs/1707.00061},
  year      = {2017},
  url       = {http://arxiv.org/abs/1707.00061},
  timestamp = {Sat, 05 Aug 2017 14:56:01 +0200},
  biburl    = {http://dblp.uni-trier.de/rec/bib/journals/corr/BlodgettO17},
  bibsource = {dblp computer science bibliography, http://dblp.org}
}

@article{Chierichetti2017fair,
  title={Fair Learning in Markovian Environments},
  author={Chierichetti, Flavio and Kumar, Ravi and  Lattanzi, Silvio and Vassilvitskii, Sergei},
  journal={FATML},
  year={2017}
}

@inproceedings{kearns2017meritocratic,
  title={Meritocratic fairness for cross-population selection},
  author={Kearns, Michael and Roth, Aaron and Wu, Zhiwei Steven},
  booktitle={International Conference on Machine Learning},
  pages={1828--1836},
  year={2017}
}

@article{jabbari2016fair,
  title={Fair Learning in Markovian Environments},
  author={Jabbari, Shahin and Joseph, Matthew and Kearns, Michael and Morgenstern, Jamie and Roth, Aaron},
  journal={arXiv preprint arXiv:1611.03071},
  year={2016}
}

@article{joseph2016rawlsian,
  title={Rawlsian fairness for machine learning},
  author={Joseph, Matthew and Kearns, Michael and Morgenstern, Jamie and Neel, Seth and Roth, Aaron},
  journal={arXiv preprint arXiv:1610.09559},
  year={2016}
}


@article{doi:10.1080/2330443X.2017.1389620,
author = {Stephen Ansolabehere and Eitan D. Hersh},
title = {ADGN: An Algorithm for Record Linkage Using Address, Date of Birth, Gender, and Name},
journal = {Statistics and Public Policy},
volume = {4},
number = {1},
pages = {1-10},
year  = {2017},
publisher = {Taylor & Francis},
doi = {10.1080/2330443X.2017.1389620},
URL = {https://doi.org/10.1080/2330443X.2017.1389620},
eprint = {https://doi.org/10.1080/2330443X.2017.1389620}
}

@article{breiman96bagging,
    author = "Leo Breiman",
    title = "Bagging Predictors",
    journal = "Machine Learning",
    volume = "24",
    number = "2",
    pages = "123-140",
    year = "1996",
    url = "citeseer.nj.nec.com/breiman96bagging.html" }


@inproceedings{dwork2012fairness,
  title={Fairness through awareness},
  author={Dwork, Cynthia and Hardt, Moritz and Pitassi, Toniann and Reingold, Omer and Zemel, Richard},
  booktitle={Proceedings of the 3rd Innovations in Theoretical Computer Science Conference},
  pages={214--226},
  year={2012},
  organization={ACM}
}


@article{dwork2015reusable,
  title={The reusable holdout: Preserving validity in adaptive data analysis},
  author={Dwork, Cynthia and Feldman, Vitaly and Hardt, Moritz and Pitassi, Toniann and Reingold, Omer and Roth, Aaron},
  journal={Science},
  volume={349},
  number={6248},
  pages={636--638},
  year={2015},
  publisher={American Association for the Advancement of Science}
}
@inproceedings{bengio2005expected,
  title={The expected performance curve},
  author={Bengio, Samy and Mari{\'e}thoz, Johnny and Keller, Mikaela},
  booktitle={International Conference on Machine Learning, ICML, Workshop on ROC Analysis in Machine Learning},
  number={EPFL-CONF-83266},
  year={2005}
}

@TechReport{wang2017deep,
  title={Deep neural networks are more accurate than humans at detecting sexual orientation from facial images.},
  author={Wang, Yilun and Kosinski, Michal},
  year={2017},
  instutution={PsyArXiv},
  note={\url{https://psyarxiv.com/hv28a/}}
}


@techreport{samarati1998protecting,
  title={Protecting privacy when disclosing information: k-anonymity and its enforcement through generalization and suppression},
  author={Samarati, Pierangela and Sweeney, Latanya},
  year={1998},
  institution={technical report, SRI International}
}

@techreport{fix1951discriminatory,
  title={Discriminatory analysis-nonparametric discrimination: consistency properties},
  author={Fix, Evelyn and Hodges Jr, Joseph L},
  year={1951},
  institution={California Univ Berkeley}
}